% use this .bib file


@ARTICLE{Coe+Moustakas2009,
 author = {{Coe}, D. and {Moustakas}, L.~A.},
  title = "{Cosmological Constraints from Gravitational Lens Time Delays}",
journal = {ApJ},
archivePrefix = "arXiv",
 eprint = {0906.4108},
primaryClass = "astro-ph.CO",
keywords = {cosmological parameters, dark matter, distance scale, galaxies: halos, gravitational lensing, quasars: general},
   year = 2009,
  month = nov,
 volume = 706,
  pages = {45-59},
    doi = {10.1088/0004-637X/706/1/45},
 adsurl = {http://adsabs.harvard.edu/abs/2009ApJ...706...45C},
adsnote = {Provided by the SAO/NASA Astrophysics Data System}
}

@ARTICLE{CollettEtal2013,
author = {Thomas E Collett and Philip J Marshall and Matthew W Auger and Stefan Hilbert and Sherry H Suyu and Zachary Greene and Tommaso Treu and Christopher D Fassnacht and L{\'e}on V. E Koopmans and Maru{\v s}a Brada{\v c} and Roger D Blandford},
journal = {Monthly Notices of the Royal Astronomical Society},
title = {Reconstructing the lensing mass in the Universe from photometric catalogue data},
pages = {679},
volume = {432},
year = {2013},
month = {Jun},
keywords = {galaxies: luminosity function, Methods: Statistical, gravitational lensing: weak, cosmology: observations, Mass Function, galaxies: haloes},
doi = {10.1093/mnras/stt504}
}

@ARTICLE{McCullyEtal2016,
   author = {{McCully}, C. and {Keeton}, C.~R. and {Wong}, K.~C. and {Zabludoff}, A.~I.
        },
    title = "{Quantifying Environmental and Line-of-Sight Effects in Models of Strong Gravitational Lens Systems}",
  journal = {ArXiv e-prints},
archivePrefix = "arXiv",
   eprint = {1601.05417},
 keywords = {Astrophysics - Cosmology and Nongalactic Astrophysics},
     year = 2016,
    month = jan,
   adsurl = {http://adsabs.harvard.edu/abs/2016arXiv160105417M},
  adsnote = {Provided by the SAO/NASA Astrophysics Data System}
}

@article{WongEtal2011,
        Adsnote = {Provided by the SAO/NASA Astrophysics Data System},
        Adsurl = {http://cdsads.u-strasbg.fr/abs/2011ApJ...726...84W},
        Archiveprefix = {arXiv},
        Author = {{Wong}, K.~C. and {Keeton}, C.~R. and {Williams}, K.~A. and {Momcheva}, I.~G. and {Zabludoff}, A.~I.},
        Doi = {10.1088/0004-637X/726/2/84},
        Eid = {84},
        Eprint = {1011.2504},
        Journal = {ApJ},
        Keywords = {gravitational lensing: strong},
        Month = jan,
        Pages = {84},
        Primaryclass = {astro-ph.CO},
        Title = {{The Effect of Environment on Shear in Strong Gravitational Lenses}},
        Volume = 726,
        Year = 2011,
        Bdsk-Url-1 = {http://dx.doi.org/10.1088/0004-637X/726/2/84}}
